%Documento de referencias bibliograficas

@article{batista2015embarcaccao,
  title={EMBARCA{\c{C}}{\~A}O SOLAR DE PEQUENO PORTE COMO OBJETO DE PESQUISA PARA O DESENVOLVIMENTO E DIVULGA{\c{C}}{\~A}O DO USO DE TECNOLOGIAS ASSOCIADAS {\`A} ENERGIAS LIMPAS},
  author={Batista, Flabio Alberto Bardemaker and Cazangi, Humberto Reder and Gehlen, Alexsandro and Manzoli, Arturo and Ferreira, Bruno Eduardo and Della Tomasi, Bruno Possamai and Garcez, Gabriel Nascimento and Cardoso, Jo{\~a}o Ant{\^o}nio and Augusto, Marcio Ant{\^o}nio and Ogliari, Natan and others},
  journal={Revista Gest{\~a}o \& Sustentabilidade Ambiental},
  volume={4},
  pages={411--430},
  year={2015}
}

@book{lamport1994latex,
  title={LATEX: a document preparation system: user's guide and reference manual},
  author={Lamport, Leslie},
  year={1994},
  publisher={Addison-wesley}
}

@article{grabar1995preparation,
  title={Preparation and characterization of Au colloid monolayers},
  author={Grabar, Katherine C and Freeman, R Griffith and Hommer, Michael B and Natan, Michael J},
  journal={Analytical chemistry},
  volume={67},
  number={4},
  pages={735--743},
  year={1995},
  publisher={American Chemical Society}
}

@article{burns1961management,
  title={The management of innovation},
  author={Burns, Tom E and Stalker, George Macpherson},
  year={1961}
}